@article{lstm_first_paper,
  title={Rainfall--runoff modelling using long short-term memory (LSTM) networks},
  author={Kratzert, Frederik and Klotz, Daniel and Brenner, Claire and Schulz, Karsten and Herrnegger, Mathew},
  journal={Hydrology and Earth System Sciences},
  volume={22},
  number={11},
  pages={6005--6022},
  year={2018},
  publisher={Copernicus GmbH}
}

@article{lstm_second_paper,
  title={Towards learning universal, regional, and local hydrological behaviors via machine learning applied to large-sample datasets},
  author={Kratzert, Frederik and Klotz, Daniel and Shalev, Guy and Klambauer, G{\"u}nter and Hochreiter, Sepp and Nearing, Grey},
  journal={Hydrology and Earth System Sciences},
  volume={23},
  number={12},
  pages={5089--5110},
  year={2019},
  publisher={Copernicus GmbH}
}

@article{lstm_third_paper,
author = {Kratzert, Frederik and Klotz, Daniel and Herrnegger, Mathew and Sampson, Alden K. and Hochreiter, Sepp and Nearing, Grey S.},
title = {Toward Improved Predictions in Ungauged Basins: Exploiting the Power of Machine Learning},
journal = {Water Resources Research},
volume = {n/a},
number = {n/a},
pages = {},
doi = {10.1029/2019WR026065}
}

@article{hybrid_paper,
  title={Theory-guided data science: A new paradigm for scientific discovery from data},
  author={Karpatne, Anuj and Atluri, Gowtham and Faghmous, James H and Steinbach, Michael and Banerjee, Arindam and Ganguly, Auroop and Shekhar, Shashi and Samatova, Nagiza and Kumar, Vipin},
  journal={IEEE Transactions on Knowledge and Data Engineering},
  volume={29},
  number={10},
  pages={2318--2331},
  year={2017},
  publisher={IEEE}
}

@article{lake,
  title={Physics-Guided Machine Learning for Scientific Discovery: An Application in Simulating Lake Temperature Profiles},
  author={Jia, Xiaowei and Willard, Jared and Karpatne, Anuj and Read, Jordan S and Zwart, Jacob A and Steinbach, Michael and Kumar, Vipin},
  journal={arXiv preprint arXiv:2001.11086},
  year={2020}
}

@inproceedings{schmidhuber2005evolino,
  title={Evolino: Hybrid neuroevolution/optimal linear search for sequence prediction},
  author={Schmidhuber, J{\"u}rgen and Wierstra, Daan and Gomez, Faustino J},
  booktitle={Proceedings of the 19th International Joint Conferenceon Artificial Intelligence (IJCAI)},
  year={2005}
}
@article{CAMELS_US,
  title={The CAMELS data set: catchment attributes and meteorology for large-sample studies},
  author={Addor, Nans and Newman, Andrew J and Mizukami, Naoki and Clark, Martyn P},
  journal={Hydrology and Earth System Sciences (HESS)},
  volume={21},
  number={10},
  pages={5293--5313},
  year={2017}
}
@article{CAMELS_GB,
  title={CAMELS-GB: hydrometeorological time series and landscape attributes for 671 catchments in Great Britain},
  author={Coxon, Gemma and Addor, Nans and Bloomfield, John P and Freer, Jim and Fry, Matt and Hannaford, Jamie and Howden, Nicholas JK and Lane, Rosanna and Lewis, Melinda and Robinson, Emma L and others},
  journal={Earth System Science Data},
  volume={12},
  number={4},
  pages={2459--2483},
  year={2020},
  publisher={Copernicus GmbH}
}
@article{rosenblatt1958perceptron,
  title={The perceptron: a probabilistic model for information storage and organization in the brain.},
  author={Rosenblatt, Frank},
  journal={Psychological review},
  volume={65},
  number={6},
  pages={386},
  year={1958},
  publisher={American Psychological Association}
}

