@article{lstm_first_paper,
  title={Rainfall--runoff modelling using long short-term memory (LSTM) networks},
  author={Kratzert, Frederik and Klotz, Daniel and Brenner, Claire and Schulz, Karsten and Herrnegger, Mathew},
  journal={Hydrology and Earth System Sciences},
  volume={22},
  number={11},
  pages={6005--6022},
  year={2018},
  publisher={Copernicus GmbH}
}

@article{lstm_second_paper,
  title={Towards learning universal, regional, and local hydrological behaviors via machine learning applied to large-sample datasets},
  author={Kratzert, Frederik and Klotz, Daniel and Shalev, Guy and Klambauer, G{\"u}nter and Hochreiter, Sepp and Nearing, Grey},
  journal={Hydrology and Earth System Sciences},
  volume={23},
  number={12},
  pages={5089--5110},
  year={2019},
  publisher={Copernicus GmbH}
}