@inproceedings{burkhart2016operational,
  title={Operational Research: Evaluating Multimodel Implementations for 24/7 Runtime Environments},
  author={Burkhart, John Faulkner and Helset, Sigbj{\o}rn and Abdella, Yisak Sultan and Lappegard, Gaute},
  booktitle={AGU Fall Meeting Abstracts},
  year={2016}
}

@misc{newman2014large,
  title={A large-sample watershed-scale hydrometeorological dataset for the contiguous USA, Boulder, CO, UCAR/NCAR},
  author={Newman, A and Sampson, K and Clark, MP and Bock, A and Viger, RJ and Blodgett, D},
  year={2014}
}
